<record><leader>00000cas a22000007a 4500</leader><controlfield tag="001">24812155</controlfield><controlfield tag="008">911119d18821890ncuwr ne      0    0eng d</controlfield><datafield ind1=" " ind2=" " tag="010"><subfield code="a">sn 91068474 </subfield></datafield><datafield ind1=" " ind2=" " tag="040"><subfield code="a">NVJ</subfield><subfield code="b">eng</subfield><subfield code="c">NVJ</subfield><subfield code="d">OCLCQ</subfield><subfield code="d">OCLCF</subfield><subfield code="d">OCLCO</subfield></datafield><datafield ind1=" " ind2=" " tag="042"><subfield code="a">msc</subfield></datafield><datafield ind1=" " ind2=" " tag="043"><subfield code="a">n-us-nc</subfield></datafield><datafield ind1="0" ind2="0" tag="245"><subfield code="a">Monroe enquirer and express.</subfield></datafield><datafield ind1="1" ind2="3" tag="246"><subfield code="a">Enquirer and express</subfield></datafield><datafield ind1=" " ind2=" " tag="260"><subfield code="a">Monroe, N.C. :</subfield><subfield code="b">Walter J. Boylin</subfield></datafield><datafield ind1=" " ind2=" " tag="300"><subfield code="a">v.</subfield></datafield><datafield ind1=" " ind2=" " tag="310"><subfield code="a">Weekly</subfield></datafield><datafield ind1="1" ind2=" " tag="362"><subfield code="a">Began in Aug. 1882; ceased July 1890.</subfield></datafield><datafield ind1=" " ind2=" " tag="515"><subfield code="a">Issues for July 16-Oct. 15, 1886 also carry whole nos.: 980-99.</subfield></datafield><datafield ind1=" " ind2=" " tag="588"><subfield code="a">Description based on: New ser., v. 4, no. 40 (July 16, 1886).</subfield></datafield><datafield ind1=" " ind2="0" tag="651"><subfield code="a">Monroe (N.C.)</subfield><subfield code="v">Newspapers.</subfield></datafield><datafield ind1=" " ind2="0" tag="651"><subfield code="a">Union County (N.C.)</subfield><subfield code="v">Newspapers.</subfield></datafield><datafield ind1=" " ind2="7" tag="655"><subfield code="a">Newspapers.</subfield><subfield code="2">fast</subfield><subfield code="0">(OCoLC)fst01423814</subfield></datafield><datafield ind1=" " ind2="7" tag="651"><subfield code="a">North Carolina</subfield><subfield code="z">Monroe.</subfield><subfield code="2">fast</subfield><subfield code="0">(OCoLC)fst01220225</subfield></datafield><datafield ind1=" " ind2="7" tag="651"><subfield code="a">North Carolina</subfield><subfield code="z">Union County.</subfield><subfield code="2">fast</subfield><subfield code="0">(OCoLC)fst01209727</subfield></datafield><datafield ind1=" " ind2=" " tag="752"><subfield code="a">United States</subfield><subfield code="b">North Carolina</subfield><subfield code="c">Union</subfield><subfield code="d">Monroe.</subfield></datafield><datafield ind1="0" ind2="4" tag="780"><subfield code="t">Monroe enquirer</subfield><subfield code="w">(DLC)sn 84020798</subfield></datafield><datafield ind1="0" ind2="4" tag="780"><subfield code="t">Monroe express (Monroe, N.C.)</subfield><subfield code="w">(DLC)sn 91068473</subfield></datafield><datafield ind1="0" ind2="4" tag="785"><subfield code="t">Monroe register</subfield><subfield code="w">(DLC)sn 91068475</subfield></datafield></record>